@book{silberschatz1991operating,
  title={Operating system concepts},
  author={Silberschatz, Abraham and Peterson, James L and Galvin, Peter B},
  year={1991},
  publisher={Addison-Wesley Longman Publishing Co., Inc.}
}

@article{fayyaz2017comparative,
  title={Comparative Analysis of Basic CPU Scheduling Algorithms},
  author={Fayyaz, Sajida and Hamza, Hafiz Ali and Din, Saria Moin U and Riaz, Ehatsham},
  journal={International Journal of Multidisciplinary Sciences and Engineering},
  volume={8},
  year={2017}
}

@article{goel2013comparative,
  title={A comparative study of cpu scheduling algorithms},
  author={Goel, Neetu and Garg, RB},
  journal={arXiv preprint arXiv:1307.4165},
  year={2013}
}

@article{krause1975analysis,
  title={Analysis of several task-scheduling algorithms for a model of multiprogramming computer systems},
  author={Krause, Kenneth L and Shen, Vincent Y and Schwetman, Herbert D},
  journal={Journal of the ACM (JACM)},
  volume={22},
  number={4},
  pages={522--550},
  year={1975},
  publisher={ACM New York, NY, USA}
}

@article{adekunle2014comparative,
  title={A comparative study of scheduling algorithms for multiprogramming in real-time systems},
  author={Adekunle, YA and Ogunwobi, ZO and Jerry, A Sarumi and Efuwape, BT and Ebiesuwa, Seun and Ainam, Jean-Paul},
  journal={International Journal of Innovation and Scientific Research},
  volume={12},
  number={1},
  pages={180--185},
  year={2014}
}

@article{rajput2012priority,
  title={A priority based round robin CPU scheduling algorithm for real time systems},
  author={Rajput, Ishwari Singh and Gupta, Deepa},
  journal={International Journal of Innovations in Engineering and Technology},
  volume={1},
  number={3},
  pages={1--11},
  year={2012},
  publisher={Citeseer}
}

@article{singh2010optimized,
  title={An optimized round robin scheduling algorithm for CPU scheduling},
  author={Singh, Ajit and Goyal, Priyanka and Batra, Sahil},
  journal={International Journal on Computer Science and Engineering},
  volume={2},
  number={07},
  pages={2383--2385},
  year={2010},
  publisher={Citeseer}
}

@article{al2020comparative,
  title={Comparative analysis of cpu scheduling algorithms: Simulation and its applications},
  author={AL-Bakhrani, Ali A and Hagar, Abdulnaser A and Hamoud, Ahmed A and Kawathekar, S},
  journal={International Journal of Advanced Science and Technology},
  volume={29},
  number={3},
  pages={483--494},
  year={2020}
}